

@article{IPCC,
title = "Fifth Assessment Report, Mitigation of Climate Change",
author="",
journal="Intergovernmental Panel on Climate Change",
volume="",
pages="674-738",
year="2014",
}

@article{raugei2007life,
  title={Life cycle assessment and energy pay-back time of advanced photovoltaic modules: CdTe and CIS compared to poly-Si},
  author={Raugei, Marco and Bargigli, Silvia and Ulgiati, Sergio},
  journal={Energy},
  volume={32},
  number={8},
  pages={1310--1318},
  year={2007},
  publisher={Elsevier}
}

@online{,
  author = {},
  title = {},
  year = {},
  url = {},
  urldate = {}
}

@article{,
title = "",
author="",
journal="",
volume="",
year="",
}
